<?xml version="1.0" encoding="UTF-8"?>
<SOAP-ENV:Envelope xmlns:SOAP-ENV="http://schemas.xmlsoap.org/soap/envelope/" xmlns:of="http://oss.dbc.dk/ns/openformat" xmlns:ofo="http://oss.dbc.dk/ns/openformatoutput"><SOAP-ENV:Body><of:formatResponse><marc:record xmlns:marc="http://www.loc.gov/MARC21/slim"><leader>00000nmm a22000000c 4500</leader><controlfield tag="001">870970:28849591</controlfield><controlfield tag="003">DKDLA</controlfield><controlfield tag="005">20110718180849.0</controlfield><controlfield tag="007">cundefined||||</controlfield><controlfield tag="008">110627s2011    xx |||||||||| 00||ueng||</controlfield><datafield ind1=" " ind2="0" tag="245"><subfield code="a">Brink</subfield><subfield code="?">Playstation 3</subfield></datafield><datafield ind1=" " ind2=" " tag="250"><subfield code="a">Special edition</subfield></datafield><datafield ind1=" " ind2=" " tag="260"><subfield code="b">Bethesda Software,</subfield><subfield code="c">2011</subfield></datafield><datafield ind1="0" ind2=" " tag="710"><subfield code="a">Splash Damage</subfield></datafield></marc:record></of:formatResponse></SOAP-ENV:Body></SOAP-ENV:Envelope>
